@article{cite1,
    Author = {John Doe and James Doe},
    Issue = {71},
    Journal = {Phys. Rev. B},
    Month = {Mar},
    Numpages = {0},
    Pages = {5321},
    Publisher = {American Physical Society},
    Title = {SCIENCE!},
    Volume = {32},
    Year = {1994}}

@article{cite2,
Author = {Jane Name and Other Person},
    Issue = {71},
    Journal = {Phys. Rev. E},
    Month = {Mar},
    Numpages = {0},
    Pages = {5321},
    Publisher = {American Physical Society},
    Title = {SCIENCE!},
    Volume = {32},
    Year = {2078}}
}
