@article{cite1,
    Author = {Koen Poppe, Ronald Cools, Bart Vandewoestyne},
    Publisher = {Department of Computer Science, KU Leuven Celestijnenlaan 200A, B-3001 Heverlee, Belgium},
    Title = {Error handling in Fortran 2003},
    Year = {2003}}
