    @article{cite1,
      title={Error handling in Fortran 2003},
      author={Koen Poppe and Ronald Cools and Bart Vandewoestyne},
      journal={ACM Sigplan Fortran Forum},
      year={2012},
      volume={31},
      pages={7-19}
    }
